
@misc{ESP32Picture,
  title = {{{ESP}} 32 Picture}
}

@misc{poluluQTRXHD15AReflectanceSensor2021,
  title = {{{QTRX}}-{{HD}}-{{15A Reflectance Sensor Array}}: 15-{{Channel}}, 4mm {{Pitch}}, {{Analog Output}}, {{Low Current}}},
  author = {Polulu},
  year = {2021}
}

@misc{roboter-bausatz.de2WDRCSMART2020,
  title = {{{2WD RC SMART CAR CHASSIS}}},
  author = {{Roboter-Bausatz.de}},
  year = {2020}
}

@misc{shenzhenai-thinkertechnologycoNodemcu32sDatasheet2019,
  title = {Nodemcu-32s {{Datasheet}}},
  author = {{Shenzhen Ai-Thinker Technology Co}},
  year = {2019}
}


